@article{chen2024logs,
  title={Logs with zeros? Some problems and solutions},
  author={Chen, Jiafeng and Roth, Jonathan},
  journal={The Quarterly Journal of Economics},
  volume={139},
  number={2},
  pages={891--936},
  year={2024},
  publisher={Oxford University Press}
}

@article{athey2023semi,
  title={Semi-parametric estimation of treatment effects in randomised experiments},
  author={Athey, Susan and Bickel, Peter J and Chen, Aiyou and Imbens, Guido W and Pollmann, Michael},
  journal={Journal of the Royal Statistical Society Series B: Statistical Methodology},
  volume={85},
  number={5},
  pages={1615--1638},
  year={2023},
  publisher={Oxford University Press US}
}


@article{feng_comparison_2021,
	title = {A comparison of zero-inflated and hurdle models for modeling zero-inflated count data},
	volume = {8},
	pages = {8},
	number = {1},
	journal = {Journal of Statistical Distributions and Applications},
	author = {Feng, Cindy Xin},
	year = {2021},
}
